%%%%%%%%%%%%%%%%%%%%%%%%%%%%%%%%%%%%%%%%%%%%%%%%%%%%%%%%%%%%%%%%%%%%%%%%%%%%%%%%%%%%%%%%%%%%%%%%%%%%%%%%%%%%%
% ANTROPOLOGÍA FORENSE
%%%%%%%%%%%%%%%%%%%%%%%%%%%%%%%%%%%%%%%%%%%%%%%%%%%%%%%%%%%%%%%%%%%%%%%%%%%%%%%%%%%%%%%%%%%%%%%%%%%%%%%%%%%%%

@book{byers2016introduction,
  title={Introduction to forensic anthropology},
  author={Byers, Steven N},
  year={2016},
  publisher={Taylor \& Francis}
}

@article{ubelaker2008forensic,
  title={Forensic anthropology: methodology and diversity of applications},
  author={Ubelaker, Douglas H},
  journal={Biological anthropology of the human skeleton},
  pages={41--69},
  year={2008},
  publisher={Wiley Online Library}
}

@article{vallejo2009identificacion,
  title={La identificaci{\'o}n gen{\'e}tica en grandes cat{\'a}strofes: avances cient{\'\i}ficos y normativos en Espa{\~n}a},
  author={Vallejo, Gloria and Alonso, Antonio},
  journal={Revista española de medicina legal},
  volume={35},
  number={1},
  pages={19--27},
  year={2009},
  publisher={Elsevier}
}

@article{casallas2004antropologia,
  title={Antropolog{\'\i}a forense en el conflicto armado en el contexto latinoamericano: Estudio comparativo Argentina, Guatemala, Per{\'u} y Colombia},
  author={Casallas, Diego and Piedrahita, Juliana Padilla},
  journal={Maguar{\'e}},
  number={18},
  pages={12},
  year={2004},
  publisher={Departamento de Antropolog{\'\i}a}
}

%%%%%%%%%%%%%%%%%%%%%%%%%%%%%%%%%%%%%%%%%%%%%%%%%%%%%%%%%%%%%%%%%%%%%%%%%%%%%%%%%%%%%%%%%%%%%%%%%%%%%%%%%%%%%

%%%%%%%%%%%%%%%%%%%%%%%%%%%%%%%%%%%%%%%%%%%%%%%%%%%%%%%%%%%%%%%%%%%%%%%%%%%%%%%%%%%%%%%%%%%%%%%%%%%%%%%%%%%%%
% PAPER SOBRE LAS TÉCNICAS DE ESTIMACIÓN DEL PB CON IA
%%%%%%%%%%%%%%%%%%%%%%%%%%%%%%%%%%%%%%%%%%%%%%%%%%%%%%%%%%%%%%%%%%%%%%%%%%%%%%%%%%%%%%%%%%%%%%%%%%%%%%%%%%%%%
@article{mesejo2020survey,
  title={A survey on artificial intelligence techniques for biomedical image analysis in skeleton-based forensic human identification},
  author={Mesejo, Pablo and Martos, Rub{\'e}n and Ib{\'a}{\~n}ez, {\'O}scar and Novo, Jorge and Ortega, Marcos},
  journal={Applied sciences},
  volume={10},
  number={14},
  pages={4703},
  year={2020},
  publisher={Multidisciplinary Digital Publishing Institute}
}

%%%%%%%%%%%%%%%%%%%%%%%%%%%%%%%%%%%%%%%%%%%%%%%%%%%%%%%%%%%%%%%%%%%%%%%%%%%%%%%%%%%%%%%%%%%%%%%%%%%%%%%%%%%%%

%%%%%%%%%%%%%%%%%%%%%%%%%%%%%%%%%%%%%%%%%%%%%%%%%%%%%%%%%%%%%%%%%%%%%%%%%%%%%%%%%%%%%%%%%%%%%%%%%%%%%%%%%%%%%
% ESTIMACIÓN DE LA EDAD SINFISIS PUBICA
%%%%%%%%%%%%%%%%%%%%%%%%%%%%%%%%%%%%%%%%%%%%%%%%%%%%%%%%%%%%%%%%%%%%%%%%%%%%%%%%%%%%%%%%%%%%%%%%%%%%%%%%%%%%%

@article{todd1921age,
  title={Age changes in the pubic bone},
  author={Todd, T Wingate},
  journal={American journal of physical anthropology},
  volume={4},
  number={1},
  pages={1--70},
  year={1921},
  publisher={Wiley Subscription Services, Inc., A Wiley Company New York}
}

@article{hanihara1978estimation,
  title={Estimation of age from the pubic symphysis by means of multiple regression analysis},
  author={Hanihara, Kazuro and Suzuki, Takao},
  journal={American journal of physical anthropology},
  volume={48},
  number={2},
  pages={233--239},
  year={1978},
  publisher={Wiley Online Library}
}

@article{hisham2019quantification,
  title={Quantification of pubic symphysis metamorphosis based on the analysis of clinical MDCT scans in a contemporary Malaysian population},
  author={Hisham, Salina and Abdullah, Nurliza and Mohamad Noor, Mohamad Helmee and Franklin, Daniel},
  journal={Journal of forensic sciences},
  volume={64},
  number={6},
  pages={1803--1811},
  year={2019},
  publisher={Wiley Online Library}
}

%%%%%%%%%%%%%%%%%%%%%%%%%%%%%%%%%%%%%%%%%%%%%%%%%%%%%%%%%%%%%%%%%%%%%%%%%%%%%%%%%%%%%%%%%%%%%%%%%%%%%%%%%%%%%
% ESTADO DEL ARTE
%%%%%%%%%%%%%%%%%%%%%%%%%%%%%%%%%%%%%%%%%%%%%%%%%%%%%%%%%%%%%%%%%%%%%%%%%%%%%%%%%%%%%%%%%%%%%%%%%%%%%%%%%%%%%

@article{ubelaker2008forensic,
  title={Forensic anthropology: methodology and diversity of applications},
  author={Ubelaker, Douglas H},
  journal={Biological anthropology of the human skeleton},
  pages={41--69},
  year={2008},
  publisher={Wiley Online Library}
}
@article{ubelaker2020recent,
  title={Recent research in forensic anthropology},
  author={Ubelaker, Douglas H and Cordero, Quinnlan R and Linton, Nadia F},
  journal={European journal of anatomy},
  volume={24},
  number={3},
  pages={221--227},
  year={2020}
}
@article{gilbert1973method,
  title={A method for aging the female os pubis},
  author={Gilbert, B Miles and McKern, Thomas W},
  journal={American journal of physical anthropology},
  volume={38},
  number={1},
  pages={31--38},
  year={1973},
  publisher={Wiley Online Library}
}

@article{brooks1990skeletal,
  title={Skeletal age determination based on the os pubis: a comparison of the Acs{\'a}di-Nemesk{\'e}ri and Suchey-Brooks methods},
  author={Brooks, Sheilagh and Suchey, Judy M},
  journal={Human evolution},
  volume={5},
  number={3},
  pages={227--238},
  year={1990},
  publisher={Springer}
}

@article{hartnett2010analysis,
  title={Analysis of age-at-death estimation using data from a new, modern autopsy sample—part I: pubic bone},
  author={Hartnett, Kristen M},
  journal={Journal of forensic sciences},
  volume={55},
  number={5},
  pages={1145--1151},
  year={2010},
  publisher={Wiley Online Library}
}

@article{buckberry2002age,
  title={Age estimation from the auricular surface of the ilium: a revised method},
  author={Buckberry, Joanne L and Chamberlain, Andrew T},
  journal={American journal of physical anthropology},
  volume={119},
  number={3},
  pages={231--239},
  year={2002},
  publisher={Wiley Online Library}
}

@article{icscan1984metamorphosis,
  title={Metamorphosis at the sternal rib end: a new method to estimate age at death in white males},
  author={I{\c{s}}can, M Ya{\c{s}}ar and Loth, Susan R and Wright, Ronald K},
  journal={American journal of physical anthropology},
  volume={65},
  number={2},
  pages={147--156},
  year={1984},
  publisher={Wiley Online Library}
}

@article{cunha2009problem,
  title={The problem of aging human remains and living individuals: a review},
  author={Cunha, Eug{\'e}nia and Baccino, Eric and Martrille, Laurent and Ramsthaler, Frank and Prieto, Jos{\'e} and Schuliar, Yves and Lynnerup, Niels and Cattaneo, Cristina},
  journal={Forensic science international},
  volume={193},
  number={1-3},
  pages={1--13},
  year={2009},
  publisher={Elsevier}
}

@article{dudzik2015estimating,
  title={Estimating age from the pubic symphysis: A new component-based system},
  author={Dudzik, Beatrix and Langley, Natalie R},
  journal={Forensic science international},
  volume={257},
  pages={98--105},
  year={2015},
  publisher={Elsevier}
}

@article{schmitt2002variability,
  title={Variability of the pattern of aging on the human skeleton: evidence from bone indicators and implications on age at death estimation},
  author={Schmitt, Aurore and Murail, Pascal and Cunha, Eugenia and Roug{\'e}, Daniel},
  journal={Journal of forensic science},
  volume={47},
  number={6},
  pages={1203--1209},
  year={2002},
  publisher={ASTM International}
}

@article{kimmerle2008inter,
  title={Inter-observer variation in methodologies involving the pubic symphysis, sternal ribs, and teeth},
  author={Kimmerle, Erin H and Prince, Debra A and Berg, Gregory E},
  journal={Journal of forensic sciences},
  volume={53},
  number={3},
  pages={594--600},
  year={2008},
  publisher={Wiley Online Library}
}

@article{dedouit2007virtual,
  title={Virtual autopsy and forensic identification-practical application: a report of one case},
  author={Dedouit, Fabrice and Telmon, Norbert and Guilbeau-Frugier, C{\'e}line and Gainza, David and Otal, Philippe and Joffre, Francis and Roug{\'e}, Daniel},
  journal={Journal of forensic sciences},
  volume={52},
  number={4},
  pages={960--964},
  year={2007},
  publisher={Wiley Online Library}
}

@article{slice2015modeling,
  title={Modeling bone surface morphology: a fully quantitative method for age-at-death estimation using the pubic symphysis},
  author={Slice, Dennis E and Algee-Hewitt, Bridget FB},
  journal={Journal of forensic sciences},
  volume={60},
  number={4},
  pages={835--843},
  year={2015},
  publisher={Wiley Online Library}
}

@article{stoyanova2015enhanced,
  title={An enhanced computational method for age-at-death estimation based on the pubic symphysis using 3 D laser scans and thin plate splines},
  author={Stoyanova, Detelina and Algee-Hewitt, Bridget FB and Slice, Dennis E},
  journal={American journal of physical anthropology},
  volume={158},
  number={3},
  pages={431--440},
  year={2015},
  publisher={Wiley Online Library}
}

@article{stoyanova2017computational,
  title={A computational framework for age-at-death estimation from the skeleton: Surface and outline analysis of 3D laser scans of the adult pubic symphysis},
  author={Stoyanova, Detelina K and Algee-Hewitt, Bridget FB and Kim, Jieun and Slice, Dennis E},
  journal={Journal of forensic sciences},
  volume={62},
  number={6},
  pages={1434--1444},
  year={2017},
  publisher={Wiley Online Library}
}

@article{kotverova2018age,
  title={Age estimation of adult human remains from hip bones using advanced methods},
  author={Kot{\v{e}}rov{\'a}, Ane{\v{z}}ka and Navega, David and {\v{S}}tepanovsk{\`y}, Michal and Buk, Zden{\v{e}}k and Br{\uu}{\v{z}}ek, Jaroslav and Cunha, Eug{\'e}nia},
  journal={Forensic science international},
  volume={287},
  pages={163--175},
  year={2018},
  publisher={Elsevier}
}

@inproceedings{villar2017first,
  title={A first approach to a fuzzy classification system for age estimation based on the pubic bone},
  author={Villar, Pedro and Alem{\'a}n, Inmaculada and Castillo, Laura and Damas, Sergio and Cord{\'o}n, Oscar},
  booktitle={International conference on fuzzy systems},
  pages={1--6},
  year={2017}
}


@article{arrieta2020explainable,
  title={Explainable Artificial Intelligence (XAI): Concepts, taxonomies, opportunities and challenges toward responsible AI},
  author={Arrieta, Alejandro Barredo and D{\'\i}az-Rodr{\'\i}guez, Natalia and Del Ser, Javier and Bennetot, Adrien and Tabik, Siham and Barbado, Alberto and Garc{\'\i}a, Salvador and Gil-L{\'o}pez, Sergio and Molina, Daniel and Benjamins, Richard and others},
  journal={Information fusion},
  volume={58},
  pages={82--115},
  year={2020},
  publisher={Elsevier}
}

@article{angelov2020towards,
  title={Towards explainable deep neural networks (xDNN)},
  author={Angelov, Plamen and Soares, Eduardo},
  journal={Neural networks},
  volume={130},
  pages={185--194},
  year={2020},
  publisher={Elsevier}
}

@article{choo2018visual,
  title={Visual analytics for explainable deep learning},
  author={Choo, Jaegul and Liu, Shixia},
  journal={IEEE computer graphics and applications},
  volume={38},
  number={4},
  pages={84--92},
  year={2018},
  publisher={IEEE}
}

%%%%%%%%%%%%%%%%%%%%%%%%%%%%%%%%%%%%%%%%%%%%%%%%%%%%%%%%%%%%%%%%%%%%%%%%%%%%%%%%%%%%%%%%%%%%%%%%%%%%%%%%%%%%%

%%%%%%%%%%%%%%%%%%%%%%%%%%%%%%%%%%%%%%%%%%%%%%%%%%%%%%%%%%%%%%%%%%%%%%%%%%%%%%%%%%%%%%%%%%%%%%%%%%%%%%%%%%%%%
% REPRESENTACIÓN DE DATOS 3D (SURVEYS)
%%%%%%%%%%%%%%%%%%%%%%%%%%%%%%%%%%%%%%%%%%%%%%%%%%%%%%%%%%%%%%%%%%%%%%%%%%%%%%%%%%%%%%%%%%%%%%%%%%%%%%%%%%%%%
@article{gezawa2020review,
  title={A review on deep learning approaches for 3d data representations in retrieval and classifications},
  author={Gezawa, Abubakar Sulaiman and Zhang, Yan and Wang, Qicong and Yunqi, Lei},
  journal={IEEE access},
  volume={8},
  pages={57566--57593},
  year={2020},
  publisher={IEEE}
}

@article{ahmed2018survey,
  title={A survey on deep learning advances on different 3D data representations},
  author={Ahmed, Eman and Saint, Alexandre and Shabayek, Abd El Rahman and Cherenkova, Kseniya and Das, Rig and Gusev, Gleb and Aouada, Djamila and Ottersten, Bjorn},
  journal={arXiv preprint arXiv:1808.01462},
  year={2018}
}

@inproceedings{kazmi2013survey,
  title={A survey of 2D and 3D shape descriptors},
  author={Kazmi, Ismail Khalid and You, Lihua and Zhang, Jian Jun},
  booktitle={International conference computer graphics, imaging and visualization},
  pages={1--10},
  year={2013}
}

@online{descriptors3D,
author={Alexander Bronstein and Michael Bronstein.},
year={2007},
url={http://vision.mas.ecp.fr/Personnel/iasonas/descriptors.html},
urldate={2022-07-02},
title={Dense Descriptors for Images and Surfaces}
}

@article{projecciones3D,
  title={Convolutional neural networks on surfaces via seamless toric covers.},
  author={Maron, Haggai and Galun, Meirav and Aigerman, Noam and Trope, Miri and Dym, Nadav and Yumer, Ersin and Kim, Vladimir G and Lipman, Yaron},
  journal={ACM Trans. Graph.},
  volume={36},
  number={4},
  pages={71--1},
  year={2017}
}

@inproceedings{rgbd,
  title={A large-scale hierarchical multi-view rgb-d object dataset},
  author={Lai, Kevin and Bo, Liefeng and Ren, Xiaofeng and Fox, Dieter},
  booktitle={2011 IEEE international conference on robotics and automation},
  pages={1817--1824},
  year={2011}
}

@online{voxelsoctrees,
author={Samuel Hornus Sylvain Lefebvre and Fabrice Neyret},
year={2005},
url={https://developer.nvidia.com/gpugems/gpugems2/copyright},
urldate={2022-07-02},
title={GPU Gems 2}
}

@inproceedings{multiview,
  title={Multi-view convolutional neural networks for 3d shape recognition},
  author={Su, Hang and Maji, Subhransu and Kalogerakis, Evangelos and Learned-Miller, Erik},
  booktitle={Proceedings of the IEEE international conference on computer vision},
  pages={945--953},
  year={2015}
}

@article{bronstein2021geometric,
  title={Geometric deep learning: Grids, groups, graphs, geodesics, and gauges},
  author={Bronstein, Michael M and Bruna, Joan and Cohen, Taco and Veli{\v{c}}kovi{\'c}, Petar},
  journal={arXiv preprint arXiv:2104.13478},
  year={2021}
}

@article{memoli2005theoretical,
  title={A theoretical and computational framework for isometry invariant recognition of point cloud data},
  author={M{\'e}moli, Facundo and Sapiro, Guillermo},
  journal={Foundations of Computational Mathematics},
  volume={5},
  number={3},
  pages={313--347},
  year={2005},
  publisher={Springer}
}

%%%%%%%%%%%%%%%%%%%%%%%%%%%%%%%%%%%%%%%%%%%%%%%%%%%%%%%%%%%%%%%%%%%%%%%%%%%%%%%%%%%%%%%%%%%%%%%%%%%%%%%%%%%%%

%%%%%%%%%%%%%%%%%%%%%%%%%%%%%%%%%%%%%%%%%%%%%%%%%%%%%%%%%%%%%%%%%%%%%%%%%%%%%%%%%%%%%%%%%%%%%%%%%%%%%%%%%%%%%
% EJEMPLOS DE REPRESENTACION DE DATOS EN 3D
%%%%%%%%%%%%%%%%%%%%%%%%%%%%%%%%%%%%%%%%%%%%%%%%%%%%%%%%%%%%%%%%%%%%%%%%%%%%%%%%%%%%%%%%%%%%%%%%%%%%%%%%%%%%%
@article{krizhevsky2012imagenet,
  title={Imagenet classification with deep convolutional neural networks},
  author={Krizhevsky, Alex and Sutskever, Ilya and Hinton, Geoffrey E},
  journal={Advances in neural information processing systems},
  volume={25},
  year={2012}
}

@inproceedings{tatarchenko2017octree,
    title={Octree generating networks: Efficient convolutional architectures for high-resolution 3d outputs},
    author={Tatarchenko, Maxim and Dosovitskiy, Alexey and Brox, Thomas},
    booktitle={Proceedings of the IEEE international conference on computer vision},
    pages={2088--2096},
    year={2017}
}

@inproceedings{riegler2017octnet,
  title={Octnet: Learning deep 3d representations at high resolutions},
  author={Riegler, Gernot and Osman Ulusoy, Ali and Geiger, Andreas},
  booktitle={Proceedings of the IEEE conference on computer vision and pattern recognition},
  pages={3577--3586},
  year={2017}
}

@article{zhang2007survey,
  title={Survey on 3D shape descriptors},
  author={Zhang, Lisha and da Fonseca, Manuel Jo{\~a}o and Ferreira, Alfredo and e Recupera{\c{c}}ao, Combinando Realidade Aumentada},
  journal={Fundaçao para a Cincia ea Tecnologia, Lisboa, Portugal, Tech. Rep. Technical Report, DecorAR (FCT POSC/EIA/59938/2004)},
  volume={3},
  year={2007}
}

@article{han2016mesh,
    title={Mesh convolutional restricted Boltzmann machines for unsupervised learning of features with structure preservation on 3-D meshes},
    author={Han, Zhizhong and Liu, Zhenbao and Han, Junwei and Vong, Chi-Man and Bu, Shuhui and Chen, Chun Lung Philip},
    journal={IEEE transactions on neural networks and learning systems},
    volume={28},
    number={10},
    pages={2268--2281},
    year={2016},
    publisher={IEEE}
}

@inproceedings{fey2018splinecnn,
    title={Splinecnn: Fast geometric deep learning with continuous b-spline kernels},
    author={Fey, Matthias and Lenssen, Jan Eric and Weichert, Frank and M{\"u}ller, Heinrich},
    booktitle={Proceedings of the IEEE conference on computer vision and pattern recognition},
    pages={869--877},
    year={2018}
}

@article{zhao2017multi,
    title={Multi-view learning overview: Recent progress and new challenges},
    author={Zhao, Jing and Xie, Xijiong and Xu, Xin and Sun, Shiliang},
    journal={Information fusion},
    volume={38},
    pages={43--54},
    year={2017},
    publisher={Elsevier}
}

@article{hammond2011wavelets,
    title={Wavelets on graphs via spectral graph theory},
    author={Hammond, David K and Vandergheynst, Pierre and Gribonval, R{\'e}mi},
    journal={Applied and Computational Harmonic Analysis},
    volume={30},
    number={2},
    pages={129--150},
    year={2011},
    publisher={Elsevier}
}

@online {flawnsontong2019,
    author = "Flawnson Tong",
    title  = "Graph Convolutional Networks for Geometric Deep Learning",
    month  = "may",
    year   = "2019",
    url    = "https://towardsdatascience.com/graph-convolutional-networks-for-geometric-deep-learning-1faf17dee008",
    urldate = {2022-03-19}
}
%%%%%%%%%%%%%%%%%%%%%%%%%%%%%%%%%%%%%%%%%%%%%%%%%%%%%%%%%%%%%%%%%%%%%%%%%%%%%%%%%%%%%%%%%%%%%%%%%%%%%%%%%%%%%

%%%%%%%%%%%%%%%%%%%%%%%%%%%%%%%%%%%%%%%%%%%%%%%%%%%%%%%%%%%%%%%%%%%%%%%%%%%%%%%%%%%%%%%%%%%%%%%%%%%%%%%%%%%%%
% PANORAMA
%%%%%%%%%%%%%%%%%%%%%%%%%%%%%%%%%%%%%%%%%%%%%%%%%%%%%%%%%%%%%%%%%%%%%%%%%%%%%%%%%%%%%%%%%%%%%%%%%%%%%%%%%%%%%
@inproceedings{sfikas2017exploiting,
  title={Exploiting the PANORAMA Representation for Convolutional Neural Network Classification and Retrieval.},
  author={Sfikas, Konstantinos and Theoharis, Theoharis and Pratikakis, Ioannis},
  booktitle={Eurographics workshop on 3D object retrieval},
  year={2017}
}


@article{SFIKAS2018208,
title = {Ensemble of PANORAMA-based convolutional neural networks for 3D model classification and retrieval},
journal = {Computers & graphics},
volume = {71},
pages = {208-218},
year = {2018},
author = {Konstantinos Sfikas and Ioannis Pratikakis and Theoharis Theoharis},
}

@article{Moller97,
    author = { Tomas   Möller  and  Ben   Trumbore },
    title = {Fast, Minimum Storage Ray-Triangle Intersection},
    journal = {Journal of graphics tools},
    volume = {2},
    number = {1},
    pages = {21-28},
    year  = {1997},
    publisher = {Taylor & Francis},
}

@article{sfikas2014pose,
  title={Pose normalization of 3D models via reflective symmetry on panoramic views},
  author={Sfikas, Konstantinos and Theoharis, Theoharis and Pratikakis, Ioannis},
  journal={The visual computer},
  volume={30},
  number={11},
  pages={1261--1274},
  year={2014},
  publisher={Springer}
}

@article{papadakis2010panorama,
  title={Panorama: A 3d shape descriptor based on panoramic views for unsupervised 3d object retrieval},
  author={Papadakis, Panagiotis and Pratikakis, Ioannis and Theoharis, Theoharis and Perantonis, Stavros},
  journal={International journal of computer vision},
  volume={89},
  number={2},
  pages={177--192},
  year={2010},
  publisher={Springer}
}
%%%%%%%%%%%%%%%%%%%%%%%%%%%%%%%%%%%%%%%%%%%%%%%%%%%%%%%%%%%%%%%%%%%%%%%%%%%%%%%%%%%%%%%%%%%%%%%%%%%%%%%%%%%%%

%%%%%%%%%%%%%%%%%%%%%%%%%%%%%%%%%%%%%%%%%%%%%%%%%%%%%%%%%%%%%%%%%%%%%%%%%%%%%%%%%%%%%%%%%%%%%%%%%%%%%%%%%%%%%
% SIMETRIA REFLEXIVA
%%%%%%%%%%%%%%%%%%%%%%%%%%%%%%%%%%%%%%%%%%%%%%%%%%%%%%%%%%%%%%%%%%%%%%%%%%%%%%%%%%%%%%%%%%%%%%%%%%%%%%%%%%%%%
@article{sfikas2011rosy+,
  title={Rosy+: 3d object pose normalization based on pca and reflective object symmetry with application in 3d object retrieval},
  author={Sfikas, Konstantinos and Theoharis, Theoharis and Pratikakis, Ioannis},
  journal={International journal of computer vision},
  volume={91},
  number={3},
  pages={262--279},
  year={2011},
  publisher={Springer}
}

@inproceedings{kazhdan2002reflective,
  title={A reflective symmetry descriptor},
  author={Kazhdan, Michael and Chazelle, Bernard and Dobkin, David and Finkelstein, Adam and Funkhouser, Thomas},
  booktitle={European conference on computer vision},
  pages={642--656},
  year={2002}
}

@article{chaouch2009alignment,
  title={Alignment of 3D models},
  author={Chaouch, Mohamed and Verroust-Blondet, Anne},
  journal={Graphical models},
  volume={71},
  number={2},
  pages={63--76},
  year={2009},
  publisher={Elsevier}
}
%%%%%%%%%%%%%%%%%%%%%%%%%%%%%%%%%%%%%%%%%%%%%%%%%%%%%%%%%%%%%%%%%%%%%%%%%%%%%%%%%%%%%%%%%%%%%%%%%%%%%%%%%%%%%

%%%%%%%%%%%%%%%%%%%%%%%%%%%%%%%%%%%%%%%%%%%%%%%%%%%%%%%%%%%%%%%%%%%%%%%%%%%%%%%%%%%%%%%%%%%%%%%%%%%%%%%%%%%%%
% FUNDAMENTOS TEORICOS
%%%%%%%%%%%%%%%%%%%%%%%%%%%%%%%%%%%%%%%%%%%%%%%%%%%%%%%%%%%%%%%%%%%%%%%%%%%%%%%%%%%%%%%%%%%%%%%%%%%%%%%%%%%%%

@book{bishop2006pattern,
  title={Pattern recognition and machine learning},
  author={Bishop, Christopher M.},
  volume={4},
  number={4},
  year={2006},
  publisher={Springer}
}

@book{alpaydin2020introduction,
  title={Introduction to machine learning},
  author={Alpaydin, Ethem},
  year={2020},
  publisher={MIT press}
}

@book{abu2012learning,
  title={Learning from data: a short course},
  author={Abu-Mostafa, Yaser S and Lin, HT and Magdon-Ismail, M},
  publisher={AMLBook},
  year={2012}
}

@article{lecun2015deep,
    title={Deep learning},
    author={LeCun, Yann and Bengio, Yoshua and Hinton, Geoffrey},
    journal={Nature},
    volume={521},
    number={7553},
    pages={436--444},
    year={2015},
    publisher={Nature Publishing Group}
}

@article{schmidhuber2015deep,
    title={Deep learning in neural networks: An overview},
    author={Schmidhuber, J{\"u}rgen},
    journal={Neural networks},
    volume={61},
    pages={85--117},
    year={2015},
    publisher={Elsevier}
}

@book{goodfellow2016deep,
  title={Deep learning},
  author={Goodfellow, Ian and Bengio, Yoshua and Courville, Aaron},
  year={2016},
  publisher={MIT press}
}

@book{bishop1995neural,
  title={Neural networks for pattern recognition},
  author={Bishop, Christopher M.},
  year={1995},
  publisher={Oxford university press}
}

@misc{ibm_cloud_education_2020, 
    title={What is machine learning?}, 
    url={https://www.ibm.com/cloud/learn/machine-learning}, 
    journal={IBM}, 
    author={IBM Cloud Education}, 
    year={2020},
    month={Jul},
    urldate={2022-06-21}
} 
 
 @book{goodfellow2016deep,
  title={Deep learning},
  author={Goodfellow, Ian and Bengio, Yoshua and Courville, Aaron},
  year={2016},
  publisher={MIT press}
}
 
@article{bengio2013representation,
  title={Representation learning: A review and new perspectives},
  author={Bengio, Yoshua and Courville, Aaron and Vincent, Pascal},
  journal={IEEE transactions on pattern analysis and machine intelligence},
  volume={35},
  number={8},
  pages={1798--1828},
  year={2013},
  publisher={IEEE}
}

@misc{garcía_iñareta_j_o_2020, 
    title={Redes neuronales desde cero (i) - introducción}, 
    url={https://www.iartificial.net/redes-neuronales-desde-cero-i-introduccion/#Redes_neuronales}, 
    journal={IArtificial.net}, 
    author={García, José David Villanueva and Iñareta, Pablo and J, Francisco and O., Leonardo}, 
    year={2020}, 
    month={Oct},
    urldate={2022-06-21}
} 
 
@misc{saha_2018, 
    title={A comprehensive guide to Convolutional Neural Networks - the eli5 way}, 
    url={https://towardsdatascience.com/a-comprehensive-guide-to-convolutional-neural-networks-the-eli5-way-3bd2b1164a53}, 
    journal={Medium},
    publisher={Towards Data Science}, 
    author={Saha, Sumit},
    year={2018}, 
    month={Dec},
    urldate={2022-06-21}
} 

@inproceedings{yani2019application,
  title={Application of transfer learning using convolutional neural network method for early detection of terry’s nail},
  author={Yani, Muhamad and others},
  booktitle={Journal of physics: conference series},
  volume={1201},
  number={1},
  pages={012052},
  year={2019}
}

@misc{budhiraja_2018, 
    title={Learning less to learn better - dropout in (deep) machine learning}, 
    url={https://medium.com/@amarbudhiraja/https-medium-com-amarbudhiraja-learning-less-to-learn-better-dropout-in-deep-machine-learning-74334da4bfc5}, 
    journal={Medium}, 
    publisher={Medium}, 
    author={Budhiraja, Amar},
    year={2018}, 
    month={Mar},
    urldate={2022-06-22}
} 

@misc{nelson_2018,
    title={Neural net dropout: Dealing with overfitting},
    url={https://www.datascience.us/neural-net-dropout-dealing-overfitting/},
    journal={DataScience.US},
    author={Nelson, Daniel},
    year={2018},
    month={Jan},
    urldate={2022-06-22}
} 

@article{lecun1989backpropagation,
  title={Backpropagation applied to handwritten zip code recognition},
  author={LeCun, Yann and Boser, Bernhard and Denker, John S and Henderson, Donnie and Howard, Richard E and Hubbard, Wayne and Jackel, Lawrence D},
  journal={Neural computation},
  volume={1},
  number={4},
  pages={541--551},
  year={1989},
  publisher={MIT Press}
}
@article{lecun1998gradient,
  title={Gradient-based learning applied to document recognition},
  author={LeCun, Yann and Bottou, L{\'e}on and Bengio, Yoshua and Haffner, Patrick},
  journal={Proceedings of the IEEE},
  volume={86},
  number={11},
  pages={2278--2324},
  year={1998},
  publisher={Ieee}
}

%%%%%%%%%%%%%%%%%%%%%%%%%%%%%%%%%%%%%%%%%%%%%%%%%%%%%%%%%%%%%%%%%%%%%%%%%%%%%%%%%%%%%%%%%%%%%%%%%%%%%%%%%%%%%

%%%%%%%%%%%%%%%%%%%%%%%%%%%%%%%%%%%%%%%%%%%%%%%%%%%%%%%%%%%%%%%%%%%%%%%%%%%%%%%%%%%%%%%%%%%%%%%%%%%%%%%%%%%%%
% Transfer learning & RESNET
%%%%%%%%%%%%%%%%%%%%%%%%%%%%%%%%%%%%%%%%%%%%%%%%%%%%%%%%%%%%%%%%%%%%%%%%%%%%%%%%%%%%%%%%%%%%%%%%%%%%%%%%%%%%%

@inproceedings{tan2018survey,
  title={A survey on deep transfer learning},
  author={Tan, Chuanqi and Sun, Fuchun and Kong, Tao and Zhang, Wenchang and Yang, Chao and Liu, Chunfang},
  booktitle={International conference on artificial neural networks},
  pages={270--279},
  year={2018}
}

@inproceedings{he2016deep,
  title={Deep residual learning for image recognition},
  author={He, Kaiming and Zhang, Xiangyu and Ren, Shaoqing and Sun, Jian},
  booktitle={Proceedings of the IEEE conference on computer vision and pattern recognition},
  pages={770--778},
  year={2016}
}

@inproceedings{simonyan2014very,
  author = {Karen Simonyan and Andrew Zisserman},
  title = {Very Deep Convolutional Networks for Large-Scale Image Recognition},
  booktitle = {3rd International Conference on Learning Representations},
  year  = {2015}
}

@article{russakovsky2015imagenet,
  title={Imagenet large scale visual recognition challenge},
  author={Russakovsky, Olga and Deng, Jia and Su, Hao and Krause, Jonathan and Satheesh, Sanjeev and Ma, Sean and Huang, Zhiheng and Karpathy, Andrej and Khosla, Aditya and Bernstein, Michael and others},
  journal={International journal of computer vision},
  volume={115},
  number={3},
  pages={211--252},
  year={2015},
  publisher={Springer}
}

%%%%%%%%%%%%%%%%%%%%%%%%%%%%%%%%%%%%%%%%%%%%%%%%%%%%%%%%%%%%%%%%%%%%%%%%%%%%%%%%%%%%%%%%%%%%%%%%%%%%%%%%%%%%%

%%%%%%%%%%%%%%%%%%%%%%%%%%%%%%%%%%%%%%%%%%%%%%%%%%%%%%%%%%%%%%%%%%%%%%%%%%%%%%%%%%%%%%%%%%%%%%%%%%%%%%%%%%%%%
% Deep Imbalanced Regression
%%%%%%%%%%%%%%%%%%%%%%%%%%%%%%%%%%%%%%%%%%%%%%%%%%%%%%%%%%%%%%%%%%%%%%%%%%%%%%%%%%%%%%%%%%%%%%%%%%%%%%%%%%%%%

@inproceedings{yang2021delving,
  title={Delving into Deep Imbalanced Regression},
  author={Yang, Yuzhe and Zha, Kaiwen and Chen, Ying-Cong and Wang, Hao and Katabi, Dina},
  booktitle={International conference on machine learning},
  year={2021}
}

@inproceedings{liu2019large,
  title={Large-scale long-tailed recognition in an open world},
  author={Liu, Ziwei and Miao, Zhongqi and Zhan, Xiaohang and Wang, Jiayun and Gong, Boqing and Yu, Stella X},
  booktitle={Proceedings of the IEEE conference on computer vision and pattern recognition},
  pages={2537--2546},
  year={2019}
}

%%%%%%%%%%%%%%%%%%%%%%%%%%%%%%%%%%%%%%%%%%%%%%%%%%%%%%%%%%%%%%%%%%%%%%%%%%%%%%%%%%%%%%%%%%%%%%%%%%%%%%%%%%%%%

@article{chawla2002smote,
  title={SMOTE: synthetic minority over-sampling technique},
  author={Chawla, Nitesh V and Bowyer, Kevin W and Hall, Lawrence O and Kegelmeyer, W Philip},
  journal={Journal of artificial intelligence research},
  volume={16},
  pages={321--357},
  year={2002}
}

@article{kingma2014adam,
  title={Adam: A method for stochastic optimization},
  author={Kingma, Diederik P and Ba, Jimmy},
  journal={arXiv preprint arXiv:1412.6980},
  year={2014}
}

@misc{team, 
    title={Keras Documentation: Transfer Learning & Fine-tuning}, 
    url={https://keras.io/guides/transfer_learning/}, 
    journal={Keras},
    urldate={2022-06-26}
} 

@article{gamez2016ordinal,
  title={Ordinal classification based on the sequential covering strategy},
  author={G{\'a}mez, Juan Carlos and Garc{\'\i}a, David and Gonz{\'a}lez, Antonio and P{\'e}rez, Ra{\'u}l},
  journal={International journal of approximate reasoning},
  volume={76},
  pages={96--110},
  year={2016},
  publisher={Elsevier}
}

@article{stoyanova2015enhanced,
  title={An enhanced computational method for age-at-death estimation based on the pubic symphysis using 3 D laser scans and thin plate splines},
  author={Stoyanova, Detelina and Algee-Hewitt, Bridget FB and Slice, Dennis E},
  journal={American journal of physical anthropology},
  volume={158},
  number={3},
  pages={431--440},
  year={2015},
  publisher={Wiley Online Library}
}

@article{castillo2021preliminary,
  title={preliminary insight into a new method for age-at-death estimation from the pubic symphysis},
  author={Castillo, Andr{\'e}s and Galt{\'e}s, Ignasi and Crespo, Santiago and Jordana, Xavier},
  journal={International journal of legal medicine},
  volume={135},
  number={3},
  pages={929--937},
  year={2021},
  publisher={Springer}
}

 @article{gámez_irurita_gonzález_damas_alemán_cordón_2021, 
 title={Automating the decision making process of todd’s age estimation method from the pubic symphysis with explainable machine learning}, 
 journal={Sometido a Information sciences},
 author={Gámez, J. C. and Irurita, J. and González, A. and Damas, S. and Alemán, I. and Cordón, O.}, 
 year={2021}} 
 
  @article{villegas_TFG, 
 title={Design of New Component-Scoring Age-at-death Estimation Methods from the Pubic Symphysis Using Genetic Programming-based Symbolic Regression}, 
 author={Enrique Bermejo and Antonio David Villegas and Javier Irurita and Sergio Damas and
Oscar Cordón},
journal={Artículo en preparación},
 year={2022}} 
 
 @article{karpatne2017theory,
  title={Theory-guided data science: A new paradigm for scientific discovery from data},
  author={Karpatne, Anuj and Atluri, Gowtham and Faghmous, James H and Steinbach, Michael and Banerjee, Arindam and Ganguly, Auroop and Shekhar, Shashi and Samatova, Nagiza and Kumar, Vipin},
  journal={IEEE Transactions on knowledge and data engineering},
  volume={29},
  number={10},
  pages={2318--2331},
  year={2017},
  publisher={IEEE}
}

%%%%%%%%%%%%%%%%%%%%%%%%%%%%%%%%%%%%%%%%%%%%%%%%%%%%%%%%%%%%%%%%%%%%%%%%%%%%%%%%%%%%%%%%%%%% REPRESENTACIONES PANORAMICAS 

@article{zhu2016deep,
  title={Deep learning representation using autoencoder for 3D shape retrieval},
  author={Zhu, Zhuotun and Wang, Xinggang and Bai, Song and Yao, Cong and Bai, Xiang},
  journal={Neurocomputing},
  volume={204},
  pages={41--50},
  year={2016},
  publisher={Elsevier}
}

@article{shi2015deeppano,
  title={Deeppano: Deep panoramic representation for 3-d shape recognition},
  author={Shi, Baoguang and Bai, Song and Zhou, Zhichao and Bai, Xiang},
  journal={IEEE Signal processing letters},
  volume={22},
  number={12},
  pages={2339--2343},
  year={2015},
  publisher={IEEE}
}

@inproceedings{sinha2016deep,
  title={Deep learning 3D shape surfaces using geometry images},
  author={Sinha, Ayan and Bai, Jing and Ramani, Karthik},
  booktitle={European conference on computer vision},
  pages={223--240},
  year={2016}
}

@inproceedings{cao20173d,
  title={3d object classification via spherical projections},
  author={Cao, Zhangjie and Huang, Qixing and Karthik, Ramani},
  booktitle={2017 international conference on 3D Vision (3DV)},
  pages={566--574},
  year={2017}
}

@inproceedings{wu20153d,
  title={3d shapenets: A deep representation for volumetric shapes},
  author={Wu, Zhirong and Song, Shuran and Khosla, Aditya and Yu, Fisher and Zhang, Linguang and Tang, Xiaoou and Xiao, Jianxiong},
  booktitle={Proceedings of the IEEE conference on computer vision and pattern recognition},
  pages={1912--1920},
  year={2015}
}

%%%%%%%%%%%%%%%%%%%%%%%%%%%%%%%%%%%%%%%%%%%%%%%%%%%%%%%%%%%%%%%%%%%%%%%%%%%%%%%%%%%%%%%%%%% 
% CNN ensembler

@article{ganaie2021ensemble,
  title={Ensemble deep learning: A review},
  author={Ganaie, Mudasir A and Hu, Minghui and others},
  journal={arXiv preprint arXiv:2104.02395},
  year={2021}
}

@article{cao2020ensemble,
  title={Ensemble deep learning in bioinformatics},
  author={Cao, Yue and Geddes, Thomas Andrew and Yang, Jean Yee Hwa and Yang, Pengyi},
  journal={Nature machine intelligence},
  volume={2},
  number={9},
  pages={500--508},
  year={2020},
  publisher={Nature Publishing Group}
}

@inproceedings{selvaraju2017grad,
  title={Grad-cam: Visual explanations from deep networks via gradient-based localization},
  author={Selvaraju, Ramprasaath R and Cogswell, Michael and Das, Abhishek and Vedantam, Ramakrishna and Parikh, Devi and Batra, Dhruv},
  booktitle={International conference on computer vision},
  pages={618--626},
  year={2017}
}

